|j|☆TheWillager
|j|☆Kaiser Cauto
|t:|1718675380
|gametype|singles
|player|p1|TheWillager|acetrainerf|
|player|p2|Kaiser Cauto|lucas|
|teamsize|p1|6
|teamsize|p2|6
|gen|6
|tier|[Gen 6] Draft
|rule|Sleep Clause Mod: Limit one foe put to sleep
|rule|OHKO Clause: OHKO moves are banned
|rule|Evasion Clause: Evasion abilities, items, and moves are banned
|rule|Evasion Abilities Clause: Evasion abilities are banned
|rule|Evasion Items Clause: Evasion items are banned
|rule|Evasion Moves Clause: Evasion moves are banned
|rule|Endless Battle Clause: Forcing endless battles is banned
|rule|HP Percentage Mod: HP is shown in percentages
|rule|Moody Clause: Moody is banned
|rule|Swagger Clause: Swagger is banned
|clearpoke
|poke|p1|Azelf|item
|poke|p1|Nidoqueen, F|item
|poke|p1|Ninetales, F|item
|poke|p1|Leafeon, F|item
|poke|p1|Latias, F|item
|poke|p1|Starmie|item
|poke|p2|Serperior, M|item
|poke|p2|Suicune|item
|poke|p2|Thundurus-Therian, M|item
|poke|p2|Snorlax, M|item
|poke|p2|Bronzong|item
|poke|p2|Forretress, M|item
|teampreview
|j| tomatotommaso
|j| son_of_ringo
|j| Mattchumaniac44
|j| Jmils9
|c|☆TheWillager|glhf~
|j| seto slima
|c| son_of_ringo|hyfr
|c| tomatotommaso|rofl
|j| Notabot1234
|c|☆Kaiser Cauto|glhf!
|
|t:|1718675454
|start
|switch|p1a: Ahri|Ninetales, F, shiny|100/100
|switch|p2a: Kitten Mittens|Thundurus-Therian, M|100/100
|-weather|SunnyDay|[from] ability: Drought|[of] p1a: Ahri
|turn|1
|j| ryanmali
|
|t:|1718675483
|switch|p1a: Mt. Lady|Nidoqueen, F|100/100
|switch|p2a: Rolo Gorgonzola|Snorlax, M, shiny|100/100
|
|-weather|SunnyDay|[upkeep]
|upkeep
|turn|2
|
|t:|1718675562
|switch|p2a: Big Zong Energy|Bronzong|100/100
|move|p1a: Mt. Lady|Flamethrower|p2a: Big Zong Energy
|-supereffective|p2a: Big Zong Energy
|-damage|p2a: Big Zong Energy|37/100
|
|-weather|SunnyDay|[upkeep]
|upkeep
|turn|3
|
|t:|1718675676
|switch|p2a: Purple Rain|Suicune|100/100
|-ability|p2a: Purple Rain|Pressure
|move|p1a: Mt. Lady|Flamethrower|p2a: Purple Rain
|-resisted|p2a: Purple Rain
|-damage|p2a: Purple Rain|84/100
|
|-weather|SunnyDay|[upkeep]
|-heal|p2a: Purple Rain|90/100|[from] item: Leftovers
|upkeep
|turn|4
|
|t:|1718675710
|move|p2a: Purple Rain|Shadow Ball|p1a: Mt. Lady
|-damage|p1a: Mt. Lady|89/100
|move|p1a: Mt. Lady|Thunderbolt|p2a: Purple Rain
|-supereffective|p2a: Purple Rain
|-damage|p2a: Purple Rain|46/100
|
|-weather|SunnyDay|[upkeep]
|-heal|p2a: Purple Rain|52/100|[from] item: Leftovers
|upkeep
|turn|5
|
|t:|1718675739
|move|p2a: Purple Rain|Calm Mind|p2a: Purple Rain
|-boost|p2a: Purple Rain|spa|1
|-boost|p2a: Purple Rain|spd|1
|move|p1a: Mt. Lady|Thunderbolt|p2a: Purple Rain
|-supereffective|p2a: Purple Rain
|-damage|p2a: Purple Rain|23/100
|
|-weather|SunnyDay|[upkeep]
|-heal|p2a: Purple Rain|29/100|[from] item: Leftovers
|upkeep
|turn|6
|
|t:|1718675747
|move|p2a: Purple Rain|Rest|p2a: Purple Rain
|-status|p2a: Purple Rain|slp|[from] move: Rest
|-heal|p2a: Purple Rain|100/100 slp|[silent]
|move|p1a: Mt. Lady|Thunderbolt|p2a: Purple Rain
|-supereffective|p2a: Purple Rain
|-damage|p2a: Purple Rain|70/100 slp
|
|-weather|SunnyDay|[upkeep]
|-heal|p2a: Purple Rain|76/100 slp|[from] item: Leftovers
|upkeep
|turn|7
|j| crystopper_pkmn
|
|t:|1718675874
|switch|p1a: Bianca|Latias, F|100/100
|cant|p2a: Purple Rain|slp
|move|p2a: Purple Rain|Sleep Talk|p2a: Purple Rain
|move|p2a: Purple Rain|Shadow Ball|p1a: Bianca|[from]move: Sleep Talk
|-supereffective|p1a: Bianca
|-crit|p1a: Bianca
|-damage|p1a: Bianca|38/100
|
|-weather|SunnyDay|[upkeep]
|-heal|p2a: Purple Rain|82/100 slp|[from] item: Leftovers
|upkeep
|turn|8
|
|t:|1718675894
|switch|p2a: Big Zong Energy|Bronzong|37/100
|move|p1a: Bianca|Recover|p1a: Bianca
|-heal|p1a: Bianca|88/100
|
|-weather|none
|upkeep
|turn|9
|
|t:|1718675947
|move|p1a: Bianca|Calm Mind|p1a: Bianca
|-boost|p1a: Bianca|spa|1
|-boost|p1a: Bianca|spd|1
|move|p2a: Big Zong Energy|Trick|p1a: Bianca
|-activate|p2a: Big Zong Energy|move: Trick|[of] p1a: Bianca
|-item|p1a: Bianca|Toxic Orb|[from] move: Trick
|-item|p2a: Big Zong Energy|Life Orb|[from] move: Trick
|
|-status|p1a: Bianca|tox|[from] item: Toxic Orb
|upkeep
|turn|10
|
|t:|1718676029
|move|p1a: Bianca|Calm Mind|p1a: Bianca
|-boost|p1a: Bianca|spa|1
|-boost|p1a: Bianca|spd|1
|move|p2a: Big Zong Energy|Rest|p2a: Big Zong Energy
|-status|p2a: Big Zong Energy|slp|[from] move: Rest
|-heal|p2a: Big Zong Energy|100/100 slp|[silent]
|
|-damage|p1a: Bianca|82/100 tox|[from] psn
|upkeep
|turn|11
|c| Notabot1234|Eepy
|
|t:|1718676071
|move|p1a: Bianca|Draco Meteor|p2a: Big Zong Energy
|-resisted|p2a: Big Zong Energy
|-damage|p2a: Big Zong Energy|65/100 slp
|-unboost|p1a: Bianca|spa|2
|cant|p2a: Big Zong Energy|slp
|
|-damage|p1a: Bianca|69/100 tox|[from] psn
|upkeep
|turn|12
|
|t:|1718676079
|switch|p1a: Ahri|Ninetales, F, shiny|100/100
|-weather|SunnyDay|[from] ability: Drought|[of] p1a: Ahri
|cant|p2a: Big Zong Energy|slp
|
|-weather|SunnyDay|[upkeep]
|upkeep
|turn|13
|
|t:|1718676098
|switch|p2a: Rolo Gorgonzola|Snorlax, M, shiny|100/100
|move|p1a: Ahri|Flamethrower|p2a: Rolo Gorgonzola
|-damage|p2a: Rolo Gorgonzola|87/100
|
|-weather|SunnyDay|[upkeep]
|-heal|p2a: Rolo Gorgonzola|93/100|[from] item: Leftovers
|upkeep
|turn|14
|
|t:|1718676148
|move|p1a: Ahri|Protect|p1a: Ahri
|-singleturn|p1a: Ahri|Protect
|move|p2a: Rolo Gorgonzola|Body Slam|p1a: Ahri
|-activate|p1a: Ahri|move: Protect
|
|-weather|SunnyDay|[upkeep]
|-heal|p2a: Rolo Gorgonzola|99/100|[from] item: Leftovers
|upkeep
|turn|15
|
|t:|1718676170
|switch|p1a: Sailor Uranus|Starmie|100/100
|move|p2a: Rolo Gorgonzola|Curse|p2a: Rolo Gorgonzola
|-unboost|p2a: Rolo Gorgonzola|spe|1
|-boost|p2a: Rolo Gorgonzola|atk|1
|-boost|p2a: Rolo Gorgonzola|def|1
|
|-weather|SunnyDay|[upkeep]
|-heal|p2a: Rolo Gorgonzola|100/100|[from] item: Leftovers
|upkeep
|turn|16
|
|t:|1718676197
|switch|p2a: BMan's Bug Bomb|Forretress, M|100/100
|move|p1a: Sailor Uranus|Psych Up|p2a: BMan's Bug Bomb
|-copyboost|p1a: Sailor Uranus|p2a: BMan's Bug Bomb|[from] move: Psych Up
|
|-weather|SunnyDay|[upkeep]
|upkeep
|turn|17
|
|t:|1718676309
|switch|p2a: Rolo Gorgonzola|Snorlax, M, shiny|100/100
|move|p1a: Sailor Uranus|Psyshock|p2a: Rolo Gorgonzola
|-damage|p2a: Rolo Gorgonzola|80/100
|
|-weather|SunnyDay|[upkeep]
|-heal|p2a: Rolo Gorgonzola|86/100|[from] item: Leftovers
|upkeep
|turn|18
|
|t:|1718676327
|move|p1a: Sailor Uranus|Psyshock|p2a: Rolo Gorgonzola
|-damage|p2a: Rolo Gorgonzola|66/100
|move|p2a: Rolo Gorgonzola|Body Slam|p1a: Sailor Uranus
|-crit|p1a: Sailor Uranus
|-damage|p1a: Sailor Uranus|40/100
|-damage|p2a: Rolo Gorgonzola|49/100|[from] item: Rocky Helmet|[of] p1a: Sailor Uranus
|
|-weather|SunnyDay|[upkeep]
|-heal|p2a: Rolo Gorgonzola|55/100|[from] item: Leftovers
|upkeep
|turn|19
|
|t:|1718676366
|move|p1a: Sailor Uranus|Recover|p1a: Sailor Uranus
|-heal|p1a: Sailor Uranus|90/100
|move|p2a: Rolo Gorgonzola|Rest|p2a: Rolo Gorgonzola
|-status|p2a: Rolo Gorgonzola|slp|[from] move: Rest
|-heal|p2a: Rolo Gorgonzola|100/100 slp|[silent]
|
|-weather|none
|upkeep
|turn|20
|
|t:|1718676377
|switch|p1a: Ahri|Ninetales, F, shiny|100/100
|-weather|SunnyDay|[from] ability: Drought|[of] p1a: Ahri
|cant|p2a: Rolo Gorgonzola|slp
|move|p2a: Rolo Gorgonzola|Sleep Talk|p2a: Rolo Gorgonzola
|move|p2a: Rolo Gorgonzola|Rest||[from]move: Sleep Talk|[still]
|-fail|p2a: Rolo Gorgonzola
|
|-weather|SunnyDay|[upkeep]
|upkeep
|turn|21
|c| tomatotommaso|he got peepee
|
|t:|1718676441
|switch|p1a: Tatsumaki|Leafeon, F|100/100
|cant|p2a: Rolo Gorgonzola|slp
|move|p2a: Rolo Gorgonzola|Sleep Talk|p2a: Rolo Gorgonzola
|move|p2a: Rolo Gorgonzola|Body Slam|p1a: Tatsumaki|[from]move: Sleep Talk
|-crit|p1a: Tatsumaki
|-damage|p1a: Tatsumaki|62/100
|
|-weather|SunnyDay|[upkeep]
|upkeep
|turn|22
|
|t:|1718676460
|switch|p2a: BMan's Bug Bomb|Forretress, M|100/100
|move|p1a: Tatsumaki|Swords Dance|p1a: Tatsumaki
|-boost|p1a: Tatsumaki|atk|2
|
|-weather|SunnyDay|[upkeep]
|upkeep
|turn|23
|
|t:|1718676520
|move|p1a: Tatsumaki|Swords Dance|p1a: Tatsumaki
|-boost|p1a: Tatsumaki|atk|2
|move|p2a: BMan's Bug Bomb|Gyro Ball|p1a: Tatsumaki
|-damage|p1a: Tatsumaki|21/100
|
|-weather|SunnyDay|[upkeep]
|upkeep
|turn|24
|
|t:|1718676534
|move|p1a: Tatsumaki|Synthesis|p1a: Tatsumaki
|-heal|p1a: Tatsumaki|88/100
|move|p2a: BMan's Bug Bomb|Gyro Ball|p1a: Tatsumaki
|-damage|p1a: Tatsumaki|51/100
|
|-weather|SunnyDay|[upkeep]
|upkeep
|turn|25
|
|t:|1718676571
|move|p1a: Tatsumaki|Frustration|p2a: BMan's Bug Bomb
|-resisted|p2a: BMan's Bug Bomb
|-damage|p2a: BMan's Bug Bomb|60/100
|move|p2a: BMan's Bug Bomb|Gyro Ball|p1a: Tatsumaki
|-damage|p1a: Tatsumaki|14/100
|
|-weather|SunnyDay|[upkeep]
|upkeep
|turn|26
|
|t:|1718676589
|move|p1a: Tatsumaki|Synthesis|p1a: Tatsumaki
|-heal|p1a: Tatsumaki|81/100
|move|p2a: BMan's Bug Bomb|Gyro Ball|p1a: Tatsumaki
|-damage|p1a: Tatsumaki|38/100
|
|-weather|SunnyDay|[upkeep]
|upkeep
|turn|27
|
|t:|1718676604
|switch|p2a: Kitten Mittens|Thundurus-Therian, M|100/100
|move|p1a: Tatsumaki|Synthesis|p1a: Tatsumaki
|-heal|p1a: Tatsumaki|100/100
|
|-weather|none
|upkeep
|turn|28
|
|t:|1718676699
|move|p2a: Kitten Mittens|Thunder Wave|p1a: Tatsumaki
|-status|p1a: Tatsumaki|par
|move|p1a: Tatsumaki|Frustration|p2a: Kitten Mittens
|-damage|p2a: Kitten Mittens|0 fnt
|faint|p2a: Kitten Mittens
|
|upkeep
|
|t:|1718676753
|switch|p2a: Emperor Cilantro|Serperior, M, shiny|100/100
|turn|29
|
|t:|1718676785
|move|p2a: Emperor Cilantro|Substitute|p2a: Emperor Cilantro
|-start|p2a: Emperor Cilantro|Substitute
|-damage|p2a: Emperor Cilantro|75/100
|move|p1a: Tatsumaki|Frustration|p2a: Emperor Cilantro
|-end|p2a: Emperor Cilantro|Substitute
|
|-heal|p2a: Emperor Cilantro|82/100|[from] item: Leftovers
|upkeep
|turn|30
|
|t:|1718676815
|move|p2a: Emperor Cilantro|Substitute|p2a: Emperor Cilantro
|-start|p2a: Emperor Cilantro|Substitute
|-damage|p2a: Emperor Cilantro|57/100
|move|p1a: Tatsumaki|Frustration|p2a: Emperor Cilantro
|-end|p2a: Emperor Cilantro|Substitute
|
|-heal|p2a: Emperor Cilantro|63/100|[from] item: Leftovers
|upkeep
|turn|31
|
|t:|1718676864
|move|p2a: Emperor Cilantro|Substitute|p2a: Emperor Cilantro
|-start|p2a: Emperor Cilantro|Substitute
|-damage|p2a: Emperor Cilantro|38/100
|move|p1a: Tatsumaki|Frustration|p2a: Emperor Cilantro
|-end|p2a: Emperor Cilantro|Substitute
|
|-heal|p2a: Emperor Cilantro|44/100|[from] item: Leftovers
|upkeep
|turn|32
|
|t:|1718676872
|move|p2a: Emperor Cilantro|Substitute|p2a: Emperor Cilantro
|-start|p2a: Emperor Cilantro|Substitute
|-damage|p2a: Emperor Cilantro|19/100
|cant|p1a: Tatsumaki|par
|
|-heal|p2a: Emperor Cilantro|25/100|[from] item: Leftovers
|upkeep
|turn|33
|
|t:|1718676938
|switch|p1a: Bianca|Latias, F|69/100 tox
|move|p2a: Emperor Cilantro|Leaf Storm|p1a: Bianca
|-resisted|p1a: Bianca
|-damage|p1a: Bianca|50/100 tox
|-boost|p2a: Emperor Cilantro|spa|2
|
|-heal|p2a: Emperor Cilantro|31/100|[from] item: Leftovers
|-damage|p1a: Bianca|44/100 tox|[from] psn
|upkeep
|turn|34
|
|t:|1718676993
|move|p2a: Emperor Cilantro|Leaf Storm|p1a: Bianca
|-resisted|p1a: Bianca
|-damage|p1a: Bianca|8/100 tox
|-boost|p2a: Emperor Cilantro|spa|2
|move|p1a: Bianca|Psyshock|p2a: Emperor Cilantro
|-end|p2a: Emperor Cilantro|Substitute
|
|-heal|p2a: Emperor Cilantro|38/100|[from] item: Leftovers
|-damage|p1a: Bianca|0 fnt|[from] psn
|faint|p1a: Bianca
|upkeep
|
|t:|1718677059
|switch|p1a: Haruhi|Azelf|100/100
|turn|35
|
|t:|1718677089
|switch|p2a: Big Zong Energy|Bronzong|65/100 slp
|move|p1a: Haruhi|Fire Blast|p2a: Big Zong Energy
|-supereffective|p2a: Big Zong Energy
|-damage|p2a: Big Zong Energy|16/100 slp
|
|upkeep
|turn|36
|
|t:|1718677178
|switch|p1a: Mt. Lady|Nidoqueen, F|89/100
|switch|p2a: Rolo Gorgonzola|Snorlax, M, shiny|100/100 slp
|
|upkeep
|turn|37
|
|t:|1718677246
|switch|p2a: Big Zong Energy|Bronzong|16/100 slp
|move|p1a: Mt. Lady|Earth Power|p2a: Big Zong Energy
|-immune|p2a: Big Zong Energy|[from] ability: Levitate
|
|upkeep
|turn|38
|
|t:|1718677259
|move|p1a: Mt. Lady|Flamethrower|p2a: Big Zong Energy
|-supereffective|p2a: Big Zong Energy
|-damage|p2a: Big Zong Energy|0 fnt
|faint|p2a: Big Zong Energy
|
|upkeep
|
|t:|1718677265
|switch|p2a: Purple Rain|Suicune|82/100 slp
|-ability|p2a: Purple Rain|Pressure
|turn|39
|
|t:|1718677289
|cant|p2a: Purple Rain|slp
|move|p2a: Purple Rain|Sleep Talk|p2a: Purple Rain
|move|p2a: Purple Rain|Shadow Ball|p1a: Mt. Lady|[from]move: Sleep Talk
|-damage|p1a: Mt. Lady|77/100
|move|p1a: Mt. Lady|Thunderbolt|p2a: Purple Rain
|-supereffective|p2a: Purple Rain
|-damage|p2a: Purple Rain|34/100 slp
|
|-heal|p2a: Purple Rain|40/100 slp|[from] item: Leftovers
|upkeep
|turn|40
|
|t:|1718677338
|switch|p1a: Tatsumaki|Leafeon, F|100/100 par
|-curestatus|p2a: Purple Rain|slp|[msg]
|move|p2a: Purple Rain|Calm Mind|p2a: Purple Rain
|-boost|p2a: Purple Rain|spa|1
|-boost|p2a: Purple Rain|spd|1
|
|-heal|p2a: Purple Rain|46/100|[from] item: Leftovers
|upkeep
|turn|41
|
|t:|1718677389
|switch|p2a: Emperor Cilantro|Serperior, M, shiny|38/100
|move|p1a: Tatsumaki|Heal Bell|p1a: Tatsumaki
|-activate|p1a: Tatsumaki|move: Heal Bell
|-curestatus|p1a: Tatsumaki|par|[msg]
|
|-heal|p2a: Emperor Cilantro|44/100|[from] item: Leftovers
|upkeep
|turn|42
|
|t:|1718677419
|switch|p1a: Mt. Lady|Nidoqueen, F|77/100
|move|p2a: Emperor Cilantro|Glare|p1a: Mt. Lady
|-status|p1a: Mt. Lady|par
|
|-heal|p2a: Emperor Cilantro|50/100|[from] item: Leftovers
|upkeep
|turn|43
|
|t:|1718677495
|switch|p2a: Purple Rain|Suicune|46/100
|-ability|p2a: Purple Rain|Pressure
|cant|p1a: Mt. Lady|par
|
|-heal|p2a: Purple Rain|52/100|[from] item: Leftovers
|upkeep
|turn|44
|
|t:|1718677548
|move|p2a: Purple Rain|Calm Mind|p2a: Purple Rain
|-boost|p2a: Purple Rain|spa|1
|-boost|p2a: Purple Rain|spd|1
|move|p1a: Mt. Lady|Thunderbolt|p2a: Purple Rain
|-supereffective|p2a: Purple Rain
|-damage|p2a: Purple Rain|21/100
|
|-heal|p2a: Purple Rain|27/100|[from] item: Leftovers
|upkeep
|turn|45
|
|t:|1718677680
|switch|p1a: Ahri|Ninetales, F, shiny|100/100
|-weather|SunnyDay|[from] ability: Drought|[of] p1a: Ahri
|move|p2a: Purple Rain|Rest|p2a: Purple Rain
|-status|p2a: Purple Rain|slp|[from] move: Rest
|-heal|p2a: Purple Rain|100/100 slp|[silent]
|
|-weather|SunnyDay|[upkeep]
|upkeep
|turn|46
|
|t:|1718677721
|switch|p2a: Rolo Gorgonzola|Snorlax, M, shiny|100/100 slp
|move|p1a: Ahri|Nasty Plot|p1a: Ahri
|-boost|p1a: Ahri|spa|2
|
|-weather|SunnyDay|[upkeep]
|upkeep
|turn|47
|
|t:|1718677792
|move|p1a: Ahri|Nasty Plot|p1a: Ahri
|-boost|p1a: Ahri|spa|2
|-curestatus|p2a: Rolo Gorgonzola|slp|[msg]
|move|p2a: Rolo Gorgonzola|Curse|p2a: Rolo Gorgonzola
|-unboost|p2a: Rolo Gorgonzola|spe|1
|-boost|p2a: Rolo Gorgonzola|atk|1
|-boost|p2a: Rolo Gorgonzola|def|1
|
|-weather|SunnyDay|[upkeep]
|upkeep
|turn|48
|
|t:|1718677817
|move|p1a: Ahri|Flamethrower|p2a: Rolo Gorgonzola
|-damage|p2a: Rolo Gorgonzola|62/100
|-status|p2a: Rolo Gorgonzola|brn
|move|p2a: Rolo Gorgonzola|Body Slam|p1a: Ahri
|-damage|p1a: Ahri|65/100
|
|-weather|SunnyDay|[upkeep]
|-heal|p2a: Rolo Gorgonzola|69/100 brn|[from] item: Leftovers
|-damage|p2a: Rolo Gorgonzola|56/100 brn|[from] brn
|upkeep
|turn|49
|
|t:|1718677858
|move|p1a: Ahri|Flamethrower|p2a: Rolo Gorgonzola
|-damage|p2a: Rolo Gorgonzola|15/100 brn
|move|p2a: Rolo Gorgonzola|Rest|p2a: Rolo Gorgonzola
|-status|p2a: Rolo Gorgonzola|slp|[from] move: Rest
|-heal|p2a: Rolo Gorgonzola|100/100 slp|[silent]
|
|-weather|SunnyDay|[upkeep]
|upkeep
|turn|50
|l| crystopper_pkmn
|
|t:|1718677909
|move|p1a: Ahri|Pain Split|p2a: Rolo Gorgonzola
|-sethp|p2a: Rolo Gorgonzola|72/100 slp|[from] move: Pain Split|[silent]
|-sethp|p1a: Ahri|100/100|[from] move: Pain Split
|cant|p2a: Rolo Gorgonzola|slp
|move|p2a: Rolo Gorgonzola|Sleep Talk|p2a: Rolo Gorgonzola
|move|p2a: Rolo Gorgonzola|Curse|p2a: Rolo Gorgonzola|[from]move: Sleep Talk
|-unboost|p2a: Rolo Gorgonzola|spe|1
|-boost|p2a: Rolo Gorgonzola|atk|1
|-boost|p2a: Rolo Gorgonzola|def|1
|
|-weather|SunnyDay|[upkeep]
|-heal|p2a: Rolo Gorgonzola|78/100 slp|[from] item: Leftovers
|upkeep
|turn|51
|
|t:|1718677944
|move|p1a: Ahri|Flamethrower|p2a: Rolo Gorgonzola
|-damage|p2a: Rolo Gorgonzola|41/100 slp
|cant|p2a: Rolo Gorgonzola|slp
|move|p2a: Rolo Gorgonzola|Sleep Talk|p2a: Rolo Gorgonzola
|move|p2a: Rolo Gorgonzola|Curse|p2a: Rolo Gorgonzola|[from]move: Sleep Talk
|-unboost|p2a: Rolo Gorgonzola|spe|1
|-boost|p2a: Rolo Gorgonzola|atk|1
|-boost|p2a: Rolo Gorgonzola|def|1
|
|-weather|SunnyDay|[upkeep]
|-heal|p2a: Rolo Gorgonzola|47/100 slp|[from] item: Leftovers
|upkeep
|turn|52
|
|t:|1718678057
|move|p1a: Ahri|Flamethrower|p2a: Rolo Gorgonzola
|-crit|p2a: Rolo Gorgonzola
|-damage|p2a: Rolo Gorgonzola|0 fnt
|faint|p2a: Rolo Gorgonzola
|
|-weather|none
|upkeep
|c|☆Kaiser Cauto|oof.
|c| tomatotommaso|oof.
|c| Mattchumaniac44|f
|c| Notabot1234|Oof.
|c|☆TheWillager|also oof
|c| seto slima|YEAAAHH
|c| ryanmali|oofff
|c| son_of_ringo|boof
|c|☆TheWillager|literally said out lout "i guess we play for crit"
|c| Notabot1234|moof
|
|t:|1718678147
|switch|p2a: Emperor Cilantro|Serperior, M, shiny|50/100
|turn|53
|
|t:|1718678168
|move|p2a: Emperor Cilantro|Glare|p1a: Ahri
|-status|p1a: Ahri|par
|move|p1a: Ahri|Flamethrower|p2a: Emperor Cilantro
|-supereffective|p2a: Emperor Cilantro
|-damage|p2a: Emperor Cilantro|0 fnt
|faint|p2a: Emperor Cilantro
|
|upkeep
|
|t:|1718678229
|switch|p2a: Purple Rain|Suicune|100/100 slp
|-ability|p2a: Purple Rain|Pressure
|turn|54
|l| Jmils9
|
|t:|1718678307
|switch|p1a: Haruhi|Azelf|100/100
|cant|p2a: Purple Rain|slp
|move|p2a: Purple Rain|Sleep Talk|p2a: Purple Rain
|move|p2a: Purple Rain|Shadow Ball|p1a: Haruhi|[from]move: Sleep Talk
|-supereffective|p1a: Haruhi
|-damage|p1a: Haruhi|43/100
|
|upkeep
|turn|55
|
|t:|1718678344
|switch|p2a: BMan's Bug Bomb|Forretress, M|60/100
|move|p1a: Haruhi|Grass Knot|p2a: BMan's Bug Bomb
|-resisted|p2a: BMan's Bug Bomb
|-damage|p2a: BMan's Bug Bomb|54/100
|
|upkeep
|turn|56
|
|t:|1718678392
|switch|p2a: Purple Rain|Suicune|100/100 slp
|-ability|p2a: Purple Rain|Pressure
|move|p1a: Haruhi|Nasty Plot|p1a: Haruhi
|-boost|p1a: Haruhi|spa|2
|
|upkeep
|turn|57
|
|t:|1718678400
|move|p1a: Haruhi|Grass Knot|p2a: Purple Rain
|-supereffective|p2a: Purple Rain
|-damage|p2a: Purple Rain|7/100 slp
|cant|p2a: Purple Rain|slp
|move|p2a: Purple Rain|Sleep Talk|p2a: Purple Rain
|move|p2a: Purple Rain|Calm Mind|p2a: Purple Rain|[from]move: Sleep Talk
|-boost|p2a: Purple Rain|spa|1
|-boost|p2a: Purple Rain|spd|1
|
|-heal|p2a: Purple Rain|14/100 slp|[from] item: Leftovers
|upkeep
|turn|58
|
|t:|1718678410
|switch|p2a: BMan's Bug Bomb|Forretress, M|54/100
|move|p1a: Haruhi|Grass Knot|p2a: BMan's Bug Bomb
|-resisted|p2a: BMan's Bug Bomb
|-damage|p2a: BMan's Bug Bomb|42/100
|
|upkeep
|turn|59
|
|t:|1718678418
|move|p1a: Haruhi|Fire Blast|p2a: BMan's Bug Bomb
|-supereffective|p2a: BMan's Bug Bomb
|-damage|p2a: BMan's Bug Bomb|0 fnt
|faint|p2a: BMan's Bug Bomb
|
|upkeep
|
|t:|1718678423
|switch|p2a: Purple Rain|Suicune|14/100 slp
|-ability|p2a: Purple Rain|Pressure
|turn|60
|c| seto slima|gg
|c|☆Kaiser Cauto|gg
|
|t:|1718678428
|move|p1a: Haruhi|Grass Knot|p2a: Purple Rain
|-supereffective|p2a: Purple Rain
|-damage|p2a: Purple Rain|0 fnt
|faint|p2a: Purple Rain
|
|win|TheWillager
|c|☆TheWillager|gg
|c| Mattchumaniac44|gg
|l| son_of_ringo
